<?xml version='1.0' encoding='utf-8'?>
<record xmlns="http://www.loc.gov/MARC21/slim" xmlns:xsi="http://www.w3.org/2001/XMLSchema-instance" xsi:schemaLocation="http://www.loc.gov/MARC21/slim http://www.loc.gov/standards/marcxml/schema/MARC21slim.xsd">
  <leader>00000nkiaa22     3u 4500</leader>
  <controlfield tag="005">20140314121800.0</controlfield>
  <controlfield tag="007">cr cn nnnuunua</controlfield>
  <controlfield tag="008">140214c201u9999miunnn            zneng</controlfield>
  <datafield tag="035" ind1=" " ind2=" ">
    <subfield code="a">sw1pr7nf8r</subfield>
  </datafield>
  <datafield tag="035" ind1=" " ind2=" ">
    <subfield code="a">(OCoLC)879646944</subfield>
  </datafield>
  <datafield tag="040" ind1=" " ind2=" ">
    <subfield code="a">MiU-H</subfield>
    <subfield code="c">MiU-H</subfield>
  </datafield>
  <datafield tag="042" ind1=" " ind2=" ">
    <subfield code="a">dc</subfield>
  </datafield>
  <datafield tag="110" ind1="2" ind2=" ">
    <subfield code="a">SOS Community Services.</subfield>
  </datafield>
  <datafield tag="245" ind1="1" ind2="0">
    <subfield code="a">SOS Community Services Web Archives.</subfield>
  </datafield>
  <datafield tag="260" ind1=" " ind2=" ">
    <subfield code="c">2010-</subfield>
  </datafield>
  <datafield tag="300" ind1=" " ind2=" ">
    <subfield code="a">Online resource.</subfield>
  </datafield>
  <datafield tag="545" ind1="1" ind2=" ">
    <subfield code="a">SOS Community Services is a community-based nonprofit organization dedicated to ending homelessness in Washtenaw County, Michigan. SOS Community Services is the lead agency for the Washtenaw Family Support Network, a collaborative of non-profit organizations that provides integrated services to homeless families, children and youth. Founded in 1970, originally by students and faculty at Eastern Michigan University. Formerly called Students Offering Support.</subfield>
  </datafield>
  <datafield tag="520" ind1="2" ind2=" ">
    <subfield code="a">Information about community, family, and children's services.</subfield>
  </datafield>
  <datafield tag="655" ind1=" " ind2="7">
    <subfield code="a">Web sites.</subfield>
    <subfield code="2">aat</subfield>
  </datafield>
  <datafield tag="610" ind1="2" ind2="0">
    <subfield code="a">SOS Community Services.</subfield>
  </datafield>
  <datafield tag="650" ind1=" " ind2="0">
    <subfield code="a">Homeless persons</subfield>
    <subfield code="x">Housing</subfield>
    <subfield code="z">Michigan</subfield>
    <subfield code="z">Washtenaw County.</subfield>
  </datafield>
  <datafield tag="650" ind1=" " ind2="0">
    <subfield code="a">Community-based social services</subfield>
    <subfield code="z">Michigan</subfield>
    <subfield code="z">Washtenaw County.</subfield>
  </datafield>
  <datafield tag="650" ind1=" " ind2="0">
    <subfield code="a">Shelters for the homeless</subfield>
    <subfield code="z">Michigan</subfield>
    <subfield code="z">Washtenaw County.</subfield>
  </datafield>
  <datafield tag="650" ind1=" " ind2="0">
    <subfield code="a">Nonprofit organizations</subfield>
    <subfield code="z">Michigan</subfield>
    <subfield code="z">Washtenaw County.</subfield>
  </datafield>
  <datafield tag="610" ind1="2" ind2="0">
    <subfield code="a">SOS Community Services (Washtenaw County, Mich.)</subfield>
  </datafield>
  <datafield tag="651" ind1=" " ind2="0">
    <subfield code="a">Washtenaw County (Mich.)</subfield>
  </datafield>
  <datafield tag="651" ind1=" " ind2="0">
    <subfield code="a">Ypsilanti (Mich.)</subfield>
  </datafield>
  <datafield tag="690" ind1=" " ind2="4">
    <subfield code="a">Politics and public policy.</subfield>
  </datafield>
  <datafield tag="856" ind1="4" ind2="1">
    <subfield code="u">http://webarchives.cdlib.org/site/sw1pr7nf8r</subfield>
    <subfield code="z">2014025 Aa 3</subfield>
  </datafield>
  <datafield tag="997" ind1=" " ind2=" ">
    <subfield code="a">MARS</subfield>
  </datafield>
</record>
